@misc{dracula,
    author    = {Bram Stoker},
    title     = {{Dracula by Bram Stoker}},
    howpublished = {\url{https://www.gutenberg.org/ebooks/345}},
    year = {2020}
}

@misc{r,
  author       = {{The R Foundation}},
  title        = {{The R Project for Statistical Computing}},
  howpublished = {\url{https://www.r-project.org/}},
  year         = {2020}
}

@misc{jupyter,
  author       = {{Jupyter}},
  title        = {{Project Jupyter}},
  howpublished = {\url{https://jupyter.org/}},
  year         = {2020}
}

@misc{gutenbergr,
  author       = {Robinson, David},
  title        = {gutenbergr},
  howpublished = {\url{https://www.rdocumentation.org/packages/gutenbergr/versions/0.1.5}},
  year         = {2019}
}

@misc{tidytext,
  author       = {Silge, Julia},
  title        = {tidytext},
  howpublished = {\url{https://www.rdocumentation.org/packages/tidytext/versions/0.2.5}},
  year         = {2020}
}

@misc{dplyr,
  author       = {Wickham, Hadley},
  title        = {dplyr},
  howpublished = {\url{https://www.rdocumentation.org/packages/dplyr/versions/0.7.8}},
  year         = {2018}
}