@Article{Cheng2007,
  author    = {Cheng, Heng-Wei},
  title     = {Arima models for forecasting Poisson process observations: Application to the volcanoes worldwide},
  year      = {2007},
  doi       = {10.25669/1RU9-PIWG},
  publisher = {University of Nevada, Las Vegas},
}

@Article{Earnest2019,
  author    = {Arul Earnest and Sue M Evans and Fanny Sampurno and Jeremy Millar},
  journal   = {{BMJ} Open},
  title     = {Forecasting annual incidence and mortality rate for prostate cancer in Australia until 2022 using autoregressive integrated moving average ({ARIMA}) models},
  year      = {2019},
  month     = {aug},
  number    = {8},
  pages     = {e031331},
  volume    = {9},
  doi       = {10.1136/bmjopen-2019-031331},
  publisher = {{BMJ}},
}

@InProceedings{Kumar2014,
  author    = {Nitish Kumar and Pinki Kumari and Preetish Ranjan and Abhishek Vaish},
  booktitle = {2014 Students Conference on Engineering and Systems},
  title     = {{ARIMA} model based breast cancer detection and classification through image processing},
  year      = {2014},
  month     = {may},
  publisher = {{IEEE}},
  doi       = {10.1109/sces.2014.6880070},
}

@Article{BabuASReddy2015,
  author    = {Babu AS Reddy SK},
  journal   = {Journal of Stock {\&} Forex Trading},
  title     = {Exchange Rate Forecasting using {ARIMA}, Neural Network and Fuzzy Neuron},
  year      = {2015},
  number    = {03},
  volume    = {04},
  doi       = {10.4172/2168-9458.1000155},
  publisher = {{OMICS} Publishing Group},
}

@Article{Xiao2014,
  author    = {Yi Xiao and Jin Xiao and John Liu and Shouyang Wang},
  journal   = {Journal of Systems Science and Complexity},
  title     = {A multiscale modeling approach incorporating {ARIMA} and anns for financial market volatility forecasting},
  year      = {2014},
  month     = {feb},
  number    = {1},
  pages     = {225--236},
  volume    = {27},
  doi       = {10.1007/s11424-014-3305-4},
  publisher = {Springer Science and Business Media {LLC}},
}

@Article{Popkin1984,
  author    = {Richard H. Popkin},
  journal   = {History of European Ideas},
  title     = {Predicting, prophecying, divining and foretelling from Nostradamus to Hume},
  year      = {1984},
  month     = {jan},
  number    = {2},
  pages     = {117--135},
  volume    = {5},
  doi       = {10.1016/0191-6599(84)90063-9},
  publisher = {Informa {UK} Limited},
}

@Book{Wei2019,
author={Wei, William},
publisher={Pearson},
title={Time series analysis univariate and multivariate methods},
year=2019,
address={Boston},
isbn=9780134995366
}

@Book{Hyndman2018,
  author    = {Hyndman, Rob},
  publisher = {OTexts},
  title     = {Forecasting : principles and practice},
  year      = {2018},
  address   = {Melbourne},
  isbn      = {9780987507112},
}

@Book{Brockwell2002,
  author    = {Brockwell, Peter},
  publisher = {Springer},
  title     = {Introduction to time series and forecasting},
  year      = {2002},
  address   = {New York},
  isbn      = {9780387216577},
}

@InCollection{Albert2007,
  booktitle = {Bayesian Computation with R},
  publisher = {Springer New York},
  title     = {Introduction to Bayesian Thinking},
  pages     = {19--37},
  doi       = {10.1007/978-0-387-71385-4_2},
}

@misc{aireNL,
    author    = "{{SISTEMA INTEGRAL DE MONITOREO AMBIENTAL [SIMA] NUEVO LEÓN}}",
    title     = "{{aire.nl.gob.mx | Home}}",
    howpublished = {\url{http://aire.nl.gob.mx/}},
    note = "[Accesed 14/may/2020]",
    year = 2020
}

@Article{Pope1991,
  author    = {C. Arden Pope and Douglas W. Dockery and John D. Spengler and Mark E. Raizenne},
  journal   = {American Review of Respiratory Disease},
  title     = {Respiratory Health and {PM}10Pollution: A Daily Time Series Analysis},
  year      = {1991},
  month     = {sep},
  number    = {3{\_}pt{\_}1},
  pages     = {668--674},
  volume    = {144},
  doi       = {10.1164/ajrccm/144.3_pt_1.668},
  publisher = {American Thoracic Society},
}

@Article{Ito1996,
  title={Daily PM10/mortality associations: an investigations of at-risk subpopulations.},
  author={K. Ito and G. Thurston},
  journal={Journal of exposure analysis and environmental epidemiology},
  year={1996},
  volume={61},
  pages={79-95}
}

@manual{semarnat,
  title        = {Norma {O}ficial {M}exicana {NOM}-172-{SEMARNAT}-2019, {L}ineamientos para la obtención y comunicación del {Í}ndice de {C}alidad del {A}ire y {R}iesgos a la {S}alud.},
  author       = {{Secretaría de Gobernación de México}},
  organization = {SEMARNAT},
  date = {20 de noviembre de 2019},
  url = {https://www.dof.gob.mx/nota_detalle.php?codigo=5579387&fecha=20/11/2019}
}
