@misc{r,
  author       = {{The R Foundation}},
  title        = {{The R Project for Statistical Computing}},
  howpublished = {\url{https://www.r-project.org/}},
  year         = {2020}
}

@misc{jupyter,
  author       = {{Jupyter}},
  title        = {{Project Jupyter}},
  howpublished = {\url{https://jupyter.org/}},
  year         = {2020}
}

@misc{random,
  author       = {{RANDOM.ORG}},
  title        = {{RANDOM.ORG} -- {T}rue {R}andom {N}umber {S}ervice},
  howpublished = {\url{https://www.random.org}},
  year         = {2020}
}

@misc{box-muller,
  author       = {{Wikipedia}},
  title        = {{B}ox--{M}uller transform},
  howpublished = {\url{https://en.wikipedia.org/wiki/Box%E2%80%93Muller_transform}},
  year         = {2020}
}