@misc{r,
  author       = {{The R Foundation}},
  title        = {{The R Project for Statistical Computing}},
  howpublished = {\url{https://www.r-project.org/}},
  year         = {2020}
}

@misc{jupyter,
  author       = {{Jupyter}},
  title        = {{Project Jupyter}},
  howpublished = {\url{https://jupyter.org/}},
  year         = {2020}
}

@misc{sima,
  author       = {{Sistema Integra del Monitereo Ambiental}},
  title        = {aire.nl.gob.mx},
  howpublished = {\url{http://aire.nl.gob.mx/}},
  year         = {2019}
}