@misc{r,
  author       = {{The R Foundation}},
  title        = {{The R Project for Statistical Computing}},
  howpublished = {\url{https://www.r-project.org/}},
  year         = {2020}
}

@misc{jupyter,
  author       = {{Jupyter}},
  title        = {{Project Jupyter}},
  howpublished = {\url{https://jupyter.org/}},
  year         = {2020}
}

@misc{aireNL,
    author    = "{{SISTEMA INTEGRAL DE MONITOREO AMBIENTAL [SIMA] NUEVO LEÓN}}",
    title     = "{{aire.nl.gob.mx | Home}}",
    howpublished = {\url{http://aire.nl.gob.mx/}},
    note = "[Accesed 14/may/2020]",
    year = 2020
}

@Misc{egresos,
  author = {{Secretaría de Salud}},
  month  = aug,
  title  = {Egresos {H}ospitalarios. {D}atos abiertos},
  year   = {2020},
  url    = {http://www.dgis.salud.gob.mx/contenidos/basesdedatos/da_egresoshosp_gobmx.html},
}