@misc{datos,
    author    = "{INEGI}",
    title     = "{{Población derechohabiente por entidad federativa según institución de afiliación, 2015}}",
    howpublished = {\url{https://www.inegi.org.mx/app/tabulados/interactivos/?px=Derechohabiencia_02&bd=Derechohabiencia}},
    note = "[Accedido 2/septiembre/2020]",
    year = 2020
}

@misc{r,
  author       = {{The R Foundation}},
  title        = {{The R Project for Statistical Computing}},
  howpublished = {\url{https://www.r-project.org/}},
  year         = {2020}
}

@misc{jupyter,
  author       = {{Jupyter}},
  title        = {{Project Jupyter}},
  howpublished = {\url{https://jupyter.org/}},
  year         = {2020}
}

@misc{excel,
  author       = {Microsoft Office},
  title        = {Microsoft Excel},
  howpublished = {\url{https://www.microsoft.com/es-mx/microsoft-365/excel}},
  year         = {2020}
}

@misc{iso,
  author       = {Wikipedia},
  title        = {ISO 3166-2:MX},
  howpublished = {\url{https://es.wikipedia.org/wiki/ISO_3166-2:MX}},
  year         = {2019}
}