@misc{aireNL,
  author    = "{{Sistema Integral de Monitoreo Ambiental [SIMA] Nuevo Le√≥n}}",
  title     = "{{aire.nl.gob.mx | Home}}",
  howpublished = {\url{http://aire.nl.gob.mx/}},
  note = "[Accedido 14/may/2020]",
  year = 2020
}