@misc{r,
  author       = {{The R Foundation}},
  title        = {{The R Project for Statistical Computing}},
  howpublished = {\url{https://www.r-project.org/}},
  year         = {2020}
}

@misc{jupyter,
  author       = {{Jupyter}},
  title        = {{Project Jupyter}},
  howpublished = {\url{https://jupyter.org/}},
  year         = {2020}
}

@misc{tukey,
  author       = {Elisa Schaeffer},
  title        = {{M}odelos {P}robabilísticos {A}plicados -- {C}urso en {L}ínea},
  howpublished = {\url{https://elisa.dyndns-web.com/teaching/prob/pisis/prob.html}},
  year         = {2020}
}

@misc{boxcox,
  author       = {Scott, David},
  title        = {{B}ox--{C}ox {T}ransformations},
  howpublished = {\url{http://onlinestatbook.com/2/transformations/box-cox.html}},
  year         = {2020}
}