@misc{aireNL,
  author    = "{{Sistema Integral de Monitoreo Ambiental [SIMA] Nuevo León}}",
  title     = "{{aire.nl.gob.mx | Home}}",
  howpublished = {\url{http://aire.nl.gob.mx/}},
  note = "[Accedido 14/may/2020]",
  year = 2020
}

@manual{semarnat,
  title        = {Norma {O}ficial {M}exicana {NOM}-172-{SEMARNAT}-2019, {L}ineamientos para la obtención y comunicación del {Í}ndice de {C}alidad del {A}ire y {R}iesgos a la {S}alud.},
  author       = {{Secretaría de Gobernación de México}},
  organization = {SEMARNAT},
  date = {20 de noviembre de 2019},
  url = {https://www.dof.gob.mx/nota_detalle.php?codigo=5579387&fecha=20/11/2019}
}